<?xml version="1.0" encoding="UTF-8"?><collection xmlns="http://www.loc.gov/MARC21/slim"><record><leader>00459nam--2200145-i-4500</leader><controlfield tag="001">000035430</controlfield><controlfield tag="002">20161230</controlfield><controlfield tag="005">20170205214716</controlfield><controlfield tag="008">060222s1000------------r-----000-0-eng-d</controlfield><datafield ind1=" " ind2=" " tag="100"><subfield code="a">Tran, Jean Thanh Van</subfield></datafield><datafield ind1=" " ind2=" " tag="245"><subfield code="a">Formation And Evolution Of Galaxies And Large Structures In The Universe</subfield></datafield><datafield ind1=" " ind2=" " tag="260"><subfield code="a">Dordrecht-Holland</subfield><subfield code="b">D.Reidel Publ. Co</subfield><subfield code="c">1984</subfield></datafield><datafield ind1=" " ind2=" " tag="490"><subfield code="a">Nato Advanced Science Institute Series C</subfield></datafield><datafield ind1=" " ind2=" " tag="700"><subfield code="a">Audouze, Jean</subfield></datafield><datafield ind1=" " ind2=" " tag="CAT"><subfield code="a">SYS</subfield><subfield code="c">20170205</subfield><subfield code="h">214716</subfield></datafield></record></collection>